@InCollection{steinmetz02:learning,
  author = 	 {John Steinmetz},
  title = 	 {Computers and {Squeak} as Environments for Learning},
  booktitle = 	 {Squeak: Open Personal Computing and Multimedia},
  publisher = {Prentice Hall},
  year = 	 2002,
  editor = 	 {Mark Guzdial and Kim Rose}
}




@Book{ward01:wikiway,
  author =	 {Bo Leuf and Ward Cunningham},
  title = 	 {The Wiki Way: Quick collaboration on the Web},
  publisher = 	 {Addison-Wesley},
  year = 	 2001,
  month = 	 apr
}


@inproceedings{ingalls97:future,
    author = "Dan Ingalls and Ted Kaehler and John Maloney and Scott Wallace and Alan Kay",
    title = "Back to the Future: The Story of {Squeak}, A Practical {Smalltalk} Written in Itself",
    booktitle = {{ACM} Conference on Object-Oriented Programming, Systems, Language, and Applications (OOPSLA)},
    year = 1997
}




@TechReport{odersky04:scala,
 author = {Martin Odersky and Philippe Altherr and Vincent Cremet and
           Burak Emir and Sebastian Maneth and St{\'{e}}phane Micheloud and
           Nikolay Mihaylov and Michel Schinz and Erik Stenman and 
           Matthias Zenger},
  title = 	 {An Overview of the {Scala} Programming Language},
  institution =  {EPFL},
  year = 	 2004,
  key =		 {IC/2004/64}
}



@inproceedings{miller00:caps,
  author    = {Mark S. Miller and
               Chip Morningstar and
               Bill Frantz},
  title     = {Capability-Based Financial Instruments.},
  booktitle = {Financial Cryptography},
  series    = {Lecture Notes in Computer Science},
  publisher = {Springer},
  volume    = 1962,
  year      = 2000,
  pages     = {349-378},
}





Author: 
, 604 pp., hardcover
ISBN: 1 58603 311 5
@Book{osgi03:book,
  author =	 {The OSGi Alliance},
  title = 	 {OSGi Service Platform, Release 3},
  publisher = 	 {Ios Pr, Inc},
  year = 	 2003,
  isbn={1 58603 311 5}
}

@Misc{osgi:web,
  title = 	 {{OSGi} Web Site},
  howpublished = {\url{http://www.osgi.org}}
}



@Misc{scala:web,
  title = {Scala web site},
  howpublished = {\url{http://scala.epfl.ch}}
}


@TechReport{scala:spec,
  author = {Martin Odersky and Philippe Altherr and Vincent Cremet and
            Burak Emir and Sebastian Maneth and St√©phane Micheloud and
            Nikolay Mihaylov and Michel Schinz and Erik Stenman and
            Matthias Zenger},
  title = 	 {The Scala Language Specification},
  institution =  {EPFL},
  address =	 {Lausanne, Switzerland},
  number = 200464,
  year = 	 2004,
  month =	 jan
}



@InProceedings{,
  author = 	 {},
  title = 	 {},
  OPTcrossref =  {},
  OPTkey = 	 {},
  OPTbooktitle = {},
  OPTpages = 	 {},
  OPTyear = 	 {},
  OPTeditor = 	 {},
  OPTvolume = 	 {},
  OPTnumber = 	 {},
  OPTseries = 	 {},
  OPTaddress = 	 {},
  OPTmonth = 	 {},
  OPTorganization = {},
  OPTpublisher = {},
  OPTnote = 	 {},
  OPTannote = 	 {}
}


@InProceedings{monga04:debian,
  author = {Mattia Monga},
  title = {From bazaar to kibbutz: how freedom deals with coherence in
           the {Debian} project},
  booktitle = {Fourth Workshop on Open Source Software Engineering},
  year = 2004,
  address = {Edinburgh, UK}
} 



@Misc{debian:web,
  title = "Debian web site",
  howpublished = {\url{http://www.debian.org}}
}


@Misc{schinz05:scsh,
  title = "A proposal for \texttt{scsh} packages",
  author={Michel Schinz},
  month = aug,
  year = 2005,
  howpublished = {\\\url{http://lampwww.epfl.ch/~schinz/scsh_packages/}}
}



@Misc{apt:howto,
  title={{APT} Howto},
  author={Gustavo Noronha Silva},
  howpublished={\\\url{http://www.debian.org/doc/manuals/apt-howto/}}
}



@Misc{conary:web,
  title={Conary web site},
  howpublished={\url{http://wiki.conary.com}}
}